<?xml version="1.0" encoding="UTF-8"?><collection xmlns="http://www.loc.gov/MARC21/slim"><record><leader>00695nam--2200169-i-4500</leader><controlfield tag="001">000020514</controlfield><controlfield tag="002">20161230</controlfield><controlfield tag="005">20161230201033</controlfield><controlfield tag="008">060222s1000------------r-----000-0-eng-d</controlfield><datafield ind1=" " ind2=" " tag="040"><subfield code="a">IFIN-HH</subfield></datafield><datafield ind1=" " ind2=" " tag="080"><subfield code="a">537.56(061.3)</subfield></datafield><datafield ind1="1" ind2=" " tag="110"><subfield code="a">Ioffe Physico-technical Institute, St. Petersburg</subfield></datafield><datafield ind1="1" ind2="0" tag="245"><subfield code="a">Atomic and molecular physics of ionized gases escampig 92</subfield><subfield code="b">Eleventh european sectional conference on the atomic and molecular physics of ionized gases, st. petersburg, russia, august 25-28, 1992 abstracts of invited lectures and contributed papers</subfield></datafield><datafield ind1=" " ind2=" " tag="260"><subfield code="a">St. Petersburg</subfield><subfield code="b">Ioffe Physico-technical Institute</subfield><subfield code="c">1992</subfield></datafield><datafield ind1=" " ind2=" " tag="300"><subfield code="a">486 P</subfield></datafield><datafield ind1=" " ind2=" " tag="852"><subfield code="a">80364</subfield><subfield code="c">537.52</subfield></datafield><datafield ind1=" " ind2=" " tag="CAT"><subfield code="a">Sys</subfield><subfield code="c">20110805</subfield><subfield code="h">123539</subfield></datafield></record></collection>